@misc{
	Pepper,
	title={特集｜ロボット｜ソフトバンク},
	author={SoftBank},
	howpublished="\url{https://www.softbank.jp/robot/special/}",
	year={（参照2020-10-30）}
}

@misc{
	RoBoHoN,
	title={ロボホン},
	author={SHARP CORPORATION},
	howpublished="\url{https://robohon.com/co/introduction.php}",
	year={（参照2020-10-30）}
}

@misc{
	ROSexample,
	title={ros-perception/image\_common},
	author={Mihelich，Patrick and Bowman James},
	howpublished="\url{https://github.com/ros-perception/image_common}",
	year={（参照2020-11-03）}
}

@article{
ROSSec,
author = {DiLuoffo, Vincenzo and Michalson, W.R. and Sunar, Berk},
year = {2018},
month = {05},
pages = {172988141877001},
title = {Robot Operating System 2: The need for a holistic security approach to robotic architectures},
volume = {15},
journal = {International Journal of Advanced Robotic Systems},
doi = {10.1177/1729881418770011}
}
